@article{garland2005,
  author={Bill Garland},
  title = {Elementary Physics of Reactor Control Module - Fission Product Poisoning},
  volume = {3},
  url = {http://www.nuceng.ca/br_space/2017-09_4d03_6d03/misc_files/xenon_poisoning.pdf},
  publisher = {Nuclear Engineering (Originally from McMaster University)},
  year = {2005}
}

@article{fujisawa1995,
  title={Measurements of basic performances for waterjet propulsion systems in water tunnel},
  author={Fujisawa, Nobuyuki},
  journal={International Journal of Rotating Machinery},
  volume={2},
  number={1},
  pages={43--50},
  year={1995},
  publisher={Hindawi Publishing Corporation}
}

@book{carlton2007,
  author = {John Carlton},
  title = {Marine Propellers and Propulsion},
  url = {http://www.nuceng.ca/br_space/2017-09_4d03_6d03/misc_files/xenon_poisoning.pdf},
  publisher = {Elsevier},
  year = {2007}
}

@article{liang2014,
  title = {The economics of slow steaming},
  author = {Liang, Lee Hong},
  url = {http://www.seatrade-maritime.com/news/americas/the-economics-of-slow-steaming.html},
  publisher = {Seatrade Maritime News},
  year = {2014},
  month = {10},
  day = {7}
}

@article{sanguri2012,
  title = {The Guide to Slow Steaming On Ships},
  author = {Mohit Sanguri},
  url = {https://www.marineinsight.com/wp-content/uploads/2013/01/The-guide-to-slow-steaming-on-ships.pdf},
  publisher = {Marine Insight},
  year = {2012},
  month = {12}
}

@misc{WNA2017,
  title = {Nuclear Powered Ships},
  url = {http://www.world-nuclear.org/information-library/non-power-nuclear-applications/transport/nuclear-powered-ships.aspx#ECSArticleLink0},
    publisher = {World Nuclear Association},
    year = {2017}
  }

@misc{WNA2009,
  title = {Chernobyl Accident Appendix 1},
  url = {http://www.world-nuclear.org/information-library/safety-and-security/safety-of-plants/appendices/chernobyl-accident-appendix-1-sequence-of-events.aspx},
  publisher = {World Nuclear Association},
  year = {2009}
}

@misc{NPdotnet2017,
  title = {Laminar Flow},
  url = {http://www.nuclear-power.net/nuclear-engineering/fluid-dynamics/laminar-flow-viscous/},
  publisher = {nuclear-power.net},
  year = {2017}
}


@article{patrick2012,
  title = {The Driving Factor in the SEA 1000 choice},
  author = {Rex Patrick},
  url = {https://corporate.siemens.com.au/content/dam/internet/siemens-com-au/root/aunz-defence-solutions/apdr-october-2015-issue-future-submarine.pdf},
  publisher = {Asia-Pacific Defence Reporter},
  year = {2015},
  month = {10}
}

@article{patrick2017,
  title = {Senate Estimates Committeee},
  author = {Rex Patrick},
  url = {http://parlview.aph.gov.au/mediaPlayer.php?videoID=379261&operation_mode=parlview#/4%20from%20around%201201},
  publisher = { Australian Parliament House},
  year = {2017},
  month = {10}
}

@article{hamilton1997,
  title = {Jet Torque},
  author = {Hamilton Waterjets},
  volume = {8},
  url = {https://corporate.siemens.com.au/content/dam/internet/siemens-com-au/root/aunz-defence-solutions/apdr-october-2015-issue-future-submarine.pdf},
  publisher = {Hamilton Waterjets},
  year = {1997},
  month = {3}
}


@book{mollard2011,
  title={Ship resistance and propulsion},
  author={Molland, Anthony F and Turnock, Stephen R and Hudson, Dominic A},
  url={http://dl.kashti.ir/ENBOOKS/NEW/Ship%20resistance%20and%20propulsion%20_%20F.Molland%20(2011).pdf},
  year={2011},
  publisher={Cambridge University Press}
}

@inproceedings{shin2015,
  title={Methods for Cavitation Prediction on Tip-Modified Propellers in Ship Wake Fields},
  author={Shin, Keun Woo and Regener, Pelle Bo and Andersen, Poul},
  booktitle={Fourth International Symposium on Marine Propulsors},
  pages={549--555},
  year={2015}
  url={http://www.marinepropulsors.com/proceedings/2015/WA2-1.pdf},
}


@inproceedings{moulijn2015,
  title={Application of various computational methods to predict the performance and cavitation of ducted propellers},
  author={Moulijn, Joost},
  booktitle={Proceedings of the fourth International Symposium on Marine Propulsors SMP},
  url={www.marinepropulsors.com/proceedings/2015/WB3-1.pdf},
  volume={15},
  pages={31},
  year={2015}
}

@article{lewis1988,
  title={Principles of naval architecture},
  author={Lewis, Edward V},
  url={http://opac.vimaru.edu.vn/edata/EBook/Principles%20of%20Naval%20achitecture%202.pdf}
  journal={SNAME},
  pages={14},
  year={1988}
}

@article{li2013,
  title={Dynamic characteristics of rotating stall in mixed flow pump},
  author={Li, Xiaojun and Yuan, Shouqi and Pan, Zhongyong and Li, Yi and Liu, Wei},
  journal={Journal of Applied Mathematics},
  volume={2013},
  year={2013},
  publisher={Hindawi Publishing Corporation},
  url = {https://www.hindawi.com/journals/jam/2013/104629/}
}

@inproceedings{kamal2015,
  title={Powering for medium speed wave-piercing catamarans comparing waterjet and screw propeller performance using model testing},
  author={Mustaffa Kamal, I and Zurcher, K and Bose, Neil and Binns, Jonathan and Chai, Shuhong and Davidson, Gary},
  booktitle={The fourth international symposium on marine propulsors},
  pages={129--137},
  year={2015},
  url = {http://www.marinepropulsors.com/proceedings/2015/MA3-2.pdf}
}

@misc{giles2010,
  title={The advanced waterjet: propulsor performance and effect on ship design},
  author={Giles, Will and Dinham-Peren, Tom and Amaratunga, Shane and Vrijdag, Arthur and Partridge, Richard},
  journal={2013-01-20]. http://www, bmtdsl, co. uk/media/5045591/BMTDSL-The-Advanced-Waterj et-Confpaper-INEC-Mayl 0. pdf},
  year={2010}
}

@inproceedings{haimov2010,
  title={Ducted propellers. A solution for better propulsion of ships calculations and practice},
  author={Haimov, H and Bobo, M{\textordfeminine} J and Vicario, J and Del Corral, J},
  booktitle={Proceedings of 1st international symposium on fishing vessel energy efficiency E-fishing, Vigo, Spain},
  year={2010},
  url = {http://www.cehipar.es/__files/users/publicaciones/217.pdf}
}

@inproceedings{abdel2010,
  title={Design of a multi-component propulsor},
  author={Abdel-Maksoud, Moustafa and Steden, Max and Hundemer, Jochen},
  booktitle={Proceedings of 28th Symposium on Naval Hydrodynamics, Pasadena},
  pages={12--17},
  year={2010}
}

@misc{bakker2006,
  title={Boundary Layers and Separation},
  author={Bakker Andre},
  url={http://www.bakker.org/dartmouth06/engs150/11-bl.pdf},
  publisher={Dartmouth College},
  year={2006}
}


@techreport{mcbride1979,
  title={The design and analysis of turbomachinery in an incompressible, steady flow using the streamline curvature method},
  author={McBride, Mark W},
  year={1979},
  institution={PENNSYLVANIA STATE UNIV UNIVERSITY PARK APPLIED RESEARCH LAB},
  url ={www.dtic.mil/dtic/tr/fulltext/u2/a071107.pdf}
}

@article{wislicenus1986,
  title={Preliminary design of turbopumps and related machinery},
  author={Wislicenus, George F},
  year={1986},
  publisher={NASA},
  url={https://ntrs.nasa.gov/archive/nasa/casi.ntrs.nasa.gov/19870008232.pdf}
}

@techreport{wislicenus1973,
  title={Hydrodynamic Design Principles of Pumps and Ducting for Waterjet Propulsion},
  author={Wislicenus, George F},
  year={1973},
  institution={DAVID W TAYLOR NAVAL SHIP RESEARCH AND DEVELOPMENT CENTER BETHESDA MD},
  url={http://www.dtic.mil/dtic/tr/fulltext/u2/775620.pdf}
}

@techreport{brandau1967,
  title={Aspects of Performance Evaluation of Waterjet Propulsion Systems and a Critical Review of the State-of-the-art},
  author={Brandau, John H},
  year={1967},
  institution={DAVID W TAYLOR NAVAL SHIP RESEARCH AND DEVELOPMENT CENTER BETHESDA MD DEPT OF HYDROMECHANICS},
  url={http://www.dtic.mil/dtic/tr/fulltext/u2/827069.pdf}
}

@techreport{henderson1964,
  title={A method for the design of pumpjets},
  author={Henderson, RE and McMahon, JF and Wislicenus, GF},
  year={1964},
  institution={PENNSYLVANIA STATE UNIV STATE COLLEGE ORDNANCE RESEARCH LAB},
  url={http://www.dtic.mil/dtic/tr/fulltext/u2/439631.pdf}
}

@misc{MAN2017,
  title={Basic Principals of Ship Propulsion},
  author={MAN Diesel & Turbo},
  year={2017},
  institution={MAN Diesel & Turbo},
  url={https://marine.man.eu/docs/librariesprovider6/propeller-aftship/basic-principles-of-propulsion.pdf?sfvrsn=0}
}


@article{oosterveld1970,
  title={Wake adapted ducted propellers},
  author={Oosterveld, Marinus Willem Cornelis},
  year={1970},
  publisher={H. Veenman \& Zonen},
  url={http://www.marin.nl/web/Publications/Publication-items/Wake-Adapted-Ducted-Propellers.htm}
}

@article{davies2017,
  title={Pump up the pump jet?},
  author={Davies, Andrew},
  year={2017},
  month={11}
  publisher={Australian Strategic Policy Institute},
  url={https://www.aspistrategist.org.au/pump-up-the-pump-jet/}
}

@article{stanford2017,
  title={Australia's Future Submarine Getting This Key Capability Right},
  author={Stanford, Jon},
  year={2017},
  month={09}
  publisher={Insight Economics},
  url={http://www.insighteconomics.com.au/reports/2017_Insight_Economics_Submarine_Report.pdf}
}
